@book{Lynch2018,
  author = {Lynch, Stephen},
  publisher = {Springer International Publishing},
  title = {Dynamical {S}ystems with {A}pplications using {P}ython},
  year = {2018},
  isbn = {978-3-319-78145-7},
  doi = {10.1007/978-3-319-78145-7},
  pages = {1--31},
  url = {https://doi.org/10.1007/978-3-319-78145-7_1},
	keywords = {book},
}

@book{Hirsch2013,
  author = {Morris W. Hirsch and Stephen Smale and Robert L. Devaney},
  publisher = {Academic Press},
  title = {Differential {E}quations, {D}ynamical {S}ystems, and an {I}
           ntroduction to {C}haos},
  year = {2013},
  address = {Boston},
  edition = {Third Edition},
  isbn = {978-0-12-382010-5},
  doi = {10.1016/b978-0-12-382010-5.00027-0},
	keywords = {book},
}

@article{1085459,
  author={Matsumoto, T.},
  journal={IEEE Transactions on Circuits and Systems}, 
  title={A chaotic attractor from Chua's circuit}, 
  year={1984},
  volume={31},
  number={12},
  pages={1055-1058},
  doi={10.1109/TCS.1984.1085459},
	keywords = {paper}
}

@online{Zhong:M84/56,
    Author = {Zhong, G-Q. and Ayrom, F.},
    Title = {Experimental Confirmation of Chaos from Chua's Circuit},
    Institution = {EECS Department, University of California, Berkeley},
    Year = {1984},
    Month = {Jul},
    URL = {http://www2.eecs.berkeley.edu/Pubs/TechRpts/1984/338.html},
		URLDATE = {2020-06-10},
    Number = {UCB/ERL M84/56},
		keywords   = {online}
}